@Book{xie2015,
  title = {Dynamic Documents with {R} and knitr},
  author = {Yihui Xie},
  publisher = {Chapman and Hall/CRC},
  address = {Boca Raton, Florida},
  year = {2015},
  edition = {2nd},
  note = {ISBN 978-1498716963},
  url = {http://yihui.name/knitr/},
}

@Manual{stests,
  title = {stests: Package with useful statistical tests},
  author = {Freddy Hernandez and Olga Usuga},
  year = {2019},
  note = {R package version 0.1.0},
  url = {https://fhernanb.github.io/stests},
}

@Book{rpackages,
  title     = {R Packages},
  publisher = {O'Reilly Media, Inc.},
  year      = {2015},
  author    = {Hadley Wickham},
}

@Book{hernandez_correa,
  title = {Gráficos con {R}},
  author = {Hernández, F. \& Correa, J.},
  publisher = {Universidad Nacional de Colombia},
  address = {Medellín, Colombia},
  year = {2018},
  edition = {primera},
  note = {ISBN xxx-xxxxxxxxx},
  url = {https://fhernanb.github.io/Graficos-con-R/},
}

@Article{Akaike74,
  AUTHOR =       {Akaike, H.},
  TITLE =        {{A new look at the statistical model identification}},
  JOURNAL =      {IEEE Transactions on Automatic Control},
  YEAR =         {1974},
  volume =       {19},
  number =       {6},
  pages =        {716-723},
}

@Article{Akaike83,
  AUTHOR =       {Akaike, H.},
  TITLE =        {{Information measures and model selection}},
  JOURNAL =      {Bulletin of the International Statistical Institute},
  YEAR =         {1983},
  volume =       {50},
  pages =        {277-290},
}

@Article{Schwarz,
  AUTHOR =       {Schwarz, G.},
  TITLE =        {{Estimating the dimension of a model}},
  JOURNAL =      {Annals of Statistics},
  YEAR =         {1978},
  volume =       {6},
  number =       {2},
  pages =        {461-464},
}

@article{Fisher22,
 ISSN = {02643952},
 URL = {http://www.jstor.org/stable/91208},
 author = {R. A. Fisher},
 journal = {Philosophical Transactions of the Royal Society of London. Series A, Containing Papers of a Mathematical or Physical Character},
 pages = {309--368},
 publisher = {The Royal Society},
 title = {On the Mathematical Foundations of Theoretical Statistics},
 volume = {222},
 year = {1922}
}

@book{pawitan_2013, place={Oxford}, title={In all likelihood: statistical modelling and inference using likelihood}, publisher={Oxford University Press}, author={Pawitan, Yudi}, year={2013}}







